<?xml version="1.0" encoding="UTF-8"?>
<SOAP-ENV:Envelope xmlns:SOAP-ENV="http://schemas.xmlsoap.org/soap/envelope/" xmlns:of="http://oss.dbc.dk/ns/openformat" xmlns:ofo="http://oss.dbc.dk/ns/openformatoutput"><SOAP-ENV:Body><of:formatResponse><marc21><mx:record xmlns:mx="http://www.loc.gov/MARC21/slim" format="MARC21" type="Bibliographic"><mx:leader>00000njm a22000000c 4500</mx:leader><mx:controlfield tag="007">s|||||||||||||</mx:controlfield><mx:controlfield tag="008">040628s2004    dk |||||||||||||||||dan|d</mx:controlfield><mx:datafield ind1=" " ind2=" " tag="020"><mx:subfield code="c">kr. 159,00</mx:subfield></mx:datafield><mx:datafield ind1="8" ind2=" " tag="024"><mx:subfield code="a">5700771100040</mx:subfield></mx:datafield><mx:datafield ind1="1" ind2=" " tag="029"><mx:subfield code="a">DKDLA</mx:subfield><mx:subfield code="b">870970-basis:25294424</mx:subfield></mx:datafield><mx:datafield ind1=" " ind2=" " tag="040"><mx:subfield code="a">DKDLA</mx:subfield><mx:subfield code="b">dan</mx:subfield><mx:subfield code="c">DKDLA</mx:subfield></mx:datafield><mx:datafield ind1="2" ind2=" " tag="110"><mx:subfield code="a">Nephew</mx:subfield></mx:datafield><mx:datafield ind1="1" ind2="0" tag="245"><mx:subfield code="a">USADSB /</mx:subfield><mx:subfield code="c">musik: Nephew /</mx:subfield><mx:subfield code="c">ord: Simon Kvamm /</mx:subfield><mx:subfield code="c">Nephew (Simon Kvamm, Kristian Riis, Kasper Toustrup, Søren Arnholt) ... [et al.] /</mx:subfield><mx:subfield code="c">Nephew (Simon Kvamm, vokal, tangenter ; Kristian Riis, guitar, kor ; Kasper Toustrup, bas, kor ; Søren Arnholt, trommer, kor) /</mx:subfield><mx:subfield code="c">produktion, mix: Carsten Heller /</mx:subfield><mx:subfield code="c">teknik: Carsten Nielsen</mx:subfield></mx:datafield><mx:datafield ind1=" " ind2=" " tag="260"><mx:subfield code="a">[S.l.] :</mx:subfield><mx:subfield code="b">Copenhagen,</mx:subfield><mx:subfield code="c">p 2004</mx:subfield></mx:datafield><mx:datafield ind1=" " ind2=" " tag="300"><mx:subfield code="a">1 cd</mx:subfield></mx:datafield><mx:datafield ind1="1" ind2=" " tag="700"><mx:subfield code="a">Arnholt, Søren</mx:subfield></mx:datafield><mx:datafield ind1="1" ind2=" " tag="700"><mx:subfield code="a">Dencker, Tore</mx:subfield></mx:datafield><mx:datafield ind1="1" ind2=" " tag="700"><mx:subfield code="a">Erbs, Hans Christian Ilskov</mx:subfield></mx:datafield><mx:datafield ind1="1" ind2=" " tag="700"><mx:subfield code="a">Kvamm, Simon</mx:subfield></mx:datafield><mx:datafield ind1="1" ind2=" " tag="700"><mx:subfield code="a">Riis, Kristian</mx:subfield></mx:datafield><mx:datafield ind1="1" ind2=" " tag="700"><mx:subfield code="a">Sennenvaldt, Henriette</mx:subfield></mx:datafield><mx:datafield ind1="1" ind2=" " tag="700"><mx:subfield code="a">Thalund, René Munk</mx:subfield></mx:datafield><mx:datafield ind1="1" ind2=" " tag="700"><mx:subfield code="a">Toustrup, Kasper</mx:subfield></mx:datafield></mx:record><hs>DKDLA</hs></marc21></of:formatResponse></SOAP-ENV:Body></SOAP-ENV:Envelope>
